@mastersthesis{leanmd,
        author = "Vikas Mehta",
        title = "{LeanMD: A Charm++ framework for high performance molecular dynamics simulation on large parallel machines}",
        year = "2004",
        school = {University of Illinois at Urbana-Champaign}
}

@incollection{namd,
  author = "Laxmikant V. Kale and Abhinav Bhatele and Eric J. Bohm and James C. Phillips",
  title = "{NAnoscale Molecular Dynamics (NAMD)}",
  booktitle = "Encyclopedia of Parallel Computing (to appear)",
  publisher = "Springer Verlag",
  year = "2011",
  editor = "D. Padua",
}

@inproceedings{ChareKernelICPP90,
    Author = "L.V. Kale",
    Title = "The {Chare Kernel} Parallel Programming Language and System",
    Booktitle = "Proceedings of the International Conference on
          Parallel Processing",
    volume = "II",
    pages = "17--25",
    Month = Aug,
    Year = 1990
}

@inproceedings{appBalancer99,
  author =       "Robert K. Brunner and Laxmikant V. Kal\'e",
  title =        "Handling Application-Induced Load Imbalance using Parallel Objects",
  booktitle = {Parallel and Distributed Computing for Symbolic and Irregular Applications},
  pages = {167--181},
  year = 2000,
  hiddeneditor = {Takayasu Ito and Taiichi Yuasa},
  publisher = {World Scientific Publishing}
}

@inproceedings{KaleCharm,
 author = {Kale, Laxmikant V. and Krishnan, Sanjeev},
 title = {CHARM++: A Portable Concurrent Object Oriented System Based on C++},
 booktitle = {Proceedings of the Eighth Annual Conference on Object-oriented Programming Systems, Languages, and Applications},
 series = {OOPSLA '93},
 year = {1993},
 isbn = {0-89791-587-9},
 location = {Washington, D.C., USA},
 pages = {91--108},
 numpages = {18},
 url = {http://doi.acm.org/10.1145/165854.165874},
 doi = {10.1145/165854.165874},
 acmid = {165874},
 publisher = {ACM},
 address = {New York, NY, USA},
}

@inproceedings{dvfs,
 author = {Hsu, Chung-Hsing and Feng, Wu-Chun},
 title = {Effective Dynamic Voltage Scaling Through CPU-Boundedness Detection},
 booktitle = {Proceedings of the 4th International Conference on Power-Aware Computer Systems},
 series = {PACS'04},
 year = {2005},
 isbn = {3-540-29790-1, 978-3-540-29790-1},
 location = {Portland, OR},
 pages = {135--149},
 numpages = {15},
 url = {http://dx.doi.org/10.1007/11574859_10},
 doi = {10.1007/11574859_10},
 acmid = {2164127},
 publisher = {Springer-Verlag},
 address = {Berlin, Heidelberg},
} 

@misc{rapl,
howpublished = "Intel, “Intel-64 and IA-32 Architectures Software Developer’s Manual , Volume 3A and 3B: System Programming Guide, 2011.”"
}

@misc{power_gov,
  howpublished = "Intel, “Intel Power Governor.” \url{http://software.intel.com/en-us/articles/intel-power-governor}"
}

@misc{osmanthesis,
howpublished = "Osman Sarood, PhD Thesis 2013, Optimizing Performance Under Thermal and Power Constraints for HPC Data Centers"
}

@inproceedings{powerCluster2013,
  author    = "Osman Sarood and Akhil Langer and L. V. Kale and Barry Rountree and Bronis de Supinski",
  title     = "Optimizing Power Allocation to CPU and Memory Subsystems in Overprovisioned HPC Systems",
  booktitle = "Proceedings of IEEE Cluster 2013",
  year      = "2013",
  month     = "September",
  address   = "Indianapolis, IN, USA",
}

@inproceedings{Zheng,
 author = {Zheng, Gengbin and Meneses, Esteban and Bhatele, Abhinav and Kale, Laxmikant V.},
 title = {Hierarchical Load Balancing for Charm++ Applications on Large Supercomputers},
 booktitle = {Proceedings of the 2010 39th International Conference on Parallel Processing Workshops},
 series = {ICPPW '10},
 year = {2010},
 isbn = {978-0-7695-4157-0},
 pages = {436--444},
 numpages = {9},
 url = {http://dx.doi.org/10.1109/ICPPW.2010.65},
 doi = {10.1109/ICPPW.2010.65},
 acmid = {1905157},
 publisher = {IEEE Computer Society},
 address = {Washington, DC, USA},
 keywords = {load balancing, scalability, hierarchical algorithms},
}
